@article{baudoin1994apprends,
  title={Apprends LATEX!},
  author={Baudoin, Marc},
  journal={{\'E}cole nationale sup{\'e}rieure de techniques avanc{\'e}es, Paris},
  year={1994}
}
